% This file was created with JabRef 2.9.2.
% Encoding: UTF-8

@ARTICLE{lewin1876rapport,
  author = {Lewin, J.},
  title = {Rapport sur la d{\'e}termination et le recueil des donn{\'e}es relatives
	aux tables de mortalit{\'e}},
  journal = {Programme de la neuvi{\`e}me session du Congr{\`e}s International
	de statistique {\`a} Budapest I},
  year = {1876},
  pages = {295--361},
  owner = {triffe},
  timestamp = {2015.03.03}
}

@BOOK{lexis1875einleitung,
  title = {Einleitung in die Theorie der Bev{\"o}lkerungsstatistik},
  publisher = {KJ Tr{\"u}bner},
  year = {1875},
  author = {Lexis, W.H.R.A.},
  owner = {triffe},
  timestamp = {2015.03.03}
}

@ARTICLE{perozzo1880della,
  author = {Perozzo, L.},
  title = {Della rappresentazione graphica di una collettivita di individui
	nella successione del tempo},
  journal = {Annali di Statistica},
  year = {1880},
  volume = {12},
  pages = {1--16},
  owner = {triffe},
  timestamp = {2015.03.03}
}

@PHDTHESIS{riffe2013dissertation,
  author = {Timothy L. M. Riffe},
  title = {The Two-Sex Problem in Populations Structured by Remaining Years
	of Life},
  school = {Universitat Aut{\`o}noma de Barcelona},
  year = {2013},
  month = {June},
  owner = {triffe},
  timestamp = {2015.03.16},
  url = {http://www.tdx.cat/handle/10803/120251}
}

@PHDTHESIS{ryder1980cohort,
  author = {Ryder, Norman B},
  title = {The cohort approach: Essays in the measurement of temporal variations
	in demographic behavior},
  school = {Princeton University},
  year = {1980},
  journal = {Dissertations on Sociology},
  owner = {triffe},
  publisher = {Arno Press New York NY United States 1980.},
  timestamp = {2015.03.03}
}

